@article{key1,
  author  = {L. M. Vaquero and L. Rodero-Merino and J. Caceres and M. Lindner},
  title   = {A break in the clouds: towards a cloud definition},
  journal = {Computer Communication Review},
  volume  = {39},
  number  = {1},
  pages   = {50-55},
  year    = {2008}
}

@misc{key2,
  author = {Peter Mell and Tim Grance},
  title  = {The NIST Definition of Cloud Computing},
  url    = {http://csrc.nist.gov/publications/nistpubs/800-145/SP800-145.pdf},
  year   = {2008}
}

@article{key3,
  author  = {L. Wang and G. von Laszewski and A. Young and et al.},
  title   = {Cloud computing: a perspective study},
  journal = {New Generation Computing},
  volume  = {28},
  number  = {2},
  pages   = {137-146},
  year    = {2010}
}

@book{key4,
  author    = {L. Kleinrock},
  title     = {Queueing Systems: Theory},
  volume    = {1},
  publisher = {Wiley-Interscience},
  address   = {New York, NY, USA},
  year      = {1975}
}

@misc{key5,
  title     = {Amazon Elastic Compute Cloud},
  url       = {http://aws.amazon.com/documentation/ec2},
  note      = {User Guide, API Versioned},
  publisher = {Amazon Web Service LLC or its affiliate},
  year      = {2010}
}

@inproceedings{key6,
  author    = {W. Lu and A. L. Varna and M. Wu},
  title     = {Security analysis for privacy preserving search of multimedia},
  booktitle = {Proceedings of the 17th IEEE International Conference on Image Processing (ICIP '10)},
  pages     = {2093-2096},
  address   = {Hong Kong},
  month     = {September},
  year      = {2010}
}

@inproceedings{key7,
  author    = {M. Menzel and R. Warschofsky and I. Thomas and C. Willems and C. Meinel},
  title     = {The service security lab: a model-driven platform to compose and explore service security in the cloud},
  booktitle = {Proceedings of the 6th IEEE World Congress on Services (Services-1 '10)},
  pages     = {115-122},
  address   = {Miami, Fla, USA},
  month     = {July},
  year      = {2010}
}

@inproceedings{key8,
  author    = {D. Huang and X. Zhang and M. Kang and J. Luo},
  title     = {MobiCloud: building secure cloud framework for mobile computing and communication},
  booktitle = {Proceedings of the 5th IEEE International Symposium on Service-Oriented System Engineering (SOSE '10)},
  pages     = {27-34},
  address   = {Nanjing, China},
  month     = {June},
  year      = {2010}
}

@inproceedings{key9,
  author    = {J. Li and Q. Wang and C. Wang and N. Cao and K. Ren and W. Lou},
  title     = {Fuzzy keyword search over encrypted data in cloud computing},
  booktitle = {Proceedings of the IEEE INFOCOM},
  pages     = {1-5},
  address   = {San Diego, Calif, USA},
  month     = {March},
  year      = {2010}
}

@inproceedings{key10,
  title     = {Privacy-preserving public auditing for data storage security in cloud computing},
  author    = {Wang, C. and Wang, Q. and Ren, K. and Lou, W.},
  booktitle = {Proceedings of the IEEE INFOCOM},
  pages     = {1--9},
  year      = {2010},
  address   = {San Diego, Calif, USA},
  month     = {March}
}

@inproceedings{key11,
  title     = {Energy efficiency in data centers and cloud-based multimedia services: an overview and future directions},
  author    = {Yuan, H. and Kuo, C.-C. J. and Ahmad, I.},
  booktitle = {Proceedings of the International Conference on Green Computing},
  pages     = {375--382},
  year      = {2010},
  address   = {Chicago, Ill, USA},
  month     = {August}
}

@inproceedings{key12,
  title     = {Research on resource self-organizing model for cloud computing},
  author    = {Lin, W. and Qi, D.},
  booktitle = {Proceedings of the IEEE International Conference on Internet Technology and Applications (ITAP '10)},
  pages     = {1--5},
  year      = {2010},
  address   = {Wuhan, China},
  month     = {August}
}

@inproceedings{key13,
  title     = {Resource pricing and equilibrium allocation policy in cloud computing},
  author    = {Teng, F. and Magoule's, F.},
  booktitle = {Proceedings of the 10th IEEE International Conference on Computer and Information Technology (CIT '10)},
  pages     = {195--202},
  year      = {2010},
  address   = {Bradford, UK},
  month     = {July}
}

@inproceedings{key14,
  title     = {An optimal infrastructure design method of cloud computing services from the BDIM perspective},
  author    = {Shi, H. and Zhan, Z.},
  booktitle = {Proceedings of the 2nd Asia-Pacific Conference on Computational Intelligence and Industrial Applications (PACIIA '09)},
  pages     = {393--396},
  year      = {2009},
  address   = {Wuhan, China},
  month     = {November}
}

@inproceedings{key15,
  title     = {An optimistic differentiated service job scheduling system for cloud computing service users and providers},
  author    = {Li, L. Q.},
  booktitle = {Proceedings of the 3rd International Conference on Multimedia and Ubiquitous Engineering (MUE '09)},
  pages     = {295--299},
  year      = {2009},
  address   = {Qingdao, China},
  month     = {June}
}

@inproceedings{key16,
  author    = {K. Xiong and H. Perros},
  title     = {Service performance and analysis in cloud computing},
  booktitle = {Proceedings of the 5th IEEE World Congress on Services (Services-1 ’09)},
  pages     = {693-700},
  address   = {Los Angeles, Calif, USA},
  month     = {September},
  year      = {2009}
}

@inproceedings{key17,
  author    = {Y. Shi and X. Jiang and K. Ye},
  title     = {An energy-efficient scheme for cloud resource provisioning based on CloudSim},
  booktitle = {Proceedings of the IEEE International Conference on Cluster Computing (CLUSTER ’11)},
  pages     = {595-599},
  address   = {Austin, Tex, USA},
  month     = {September},
  year      = {2011}
}

@inproceedings{key18,
  author    = {X. M. Nan and Y. F. He and L. Guan},
  title     = {Optimal resource allocation for multimedia cloud based on queuing model},
  booktitle = {Proceedings of the 13th IEEE International Workshop on Multimedia Signal Processing (MMSP ’11)},
  pages     = {1-6},
  address   = {Hangzhou, China},
  month     = {November},
  year      = {2011}
}

@inproceedings{key19,
  author    = {H. Khazaei and J. Miˇsic ́ and V. B. Miˇsic ́},
  title     = {Modelling of cloud computing centers using M/G/m queues},
  booktitle = {Proceedings of the 31st IEEE International Conference on Distributed Computing Systems Workshops (ICDCSW ’11)},
  pages     = {87-92},
  address   = {Minneapolis, Minn, USA},
  month     = {June},
  year      = {2011}
}

@article{key20,
  author  = {H. Khazaei and J. Misic and V. B. Misic},
  title   = {Performance analysis of cloud computing centers using M/G/m/m+r queuing systems},
  journal = {IEEE Transactions on Parallel and Distributed Systems},
  volume  = {23},
  number  = {5},
  pages   = {936-943},
  year    = {2012}
}

@inproceedings{key21,
  author    = {V. Goswami and S. S. Patra and G. B. Mund},
  title     = {Performance analysis of cloud with queue-dependent virtual machines},
  booktitle = {Proceedings of the 1st IEEE International Conference on Recent Advances in Information Technology (RAIT ’12)},
  pages     = {357-362},
  address   = {Dhanbad, India},
  year      = {2012}
}

@inproceedings{key22,
  author    = {W. Ellens and M. Zivkovic and J. Akkerboom and R. Litjens and H. vanden Berg},
  title     = {Performance of cloud computing centers with multiple priority classes},
  booktitle = {Proceedings of the 5th IEEE International Conference on Cloud Computing (CLOUD ’12)},
  pages     = {245-252},
  address   = {Honolulu, Hawaii, USA},
  year      = {2012}
}

@misc{key23,
  title        = {Amazon EC2 Pricing},
  howpublished = {\url{http://aws.amazon.com/ec2/pricing/}}
}


